@book{PelitiPigolotti2023,
  author    = {Luca Peliti and Simone Pigolotti},
  title     = {Stochastic Thermodynamics},
  year      = {2023},
  publisher = {Princeton University Press},
  address   = {Princeton, NJ},
  isbn      = {9780691235002},
}
@book{Meyer2000,
  author    = {Carl D. Meyer},
  title     = {Applied Linear Algebra and Matrix Analysis},
  year      = {2000},
  publisher = {Society for Industrial and Applied Mathematics (SIAM)},
  address   = {Philadelphia, PA},
  isbn      = {9780898714548},
}
